@article{key,
  author = {Benzhen Guo, A. and Yanli Ma, B. and Jingjing Yang, C. and Zhihui Wang, D.},
  title = {Smart Healthcare System Based on Cloud-Internet of Things and Deep Learning},
  journal = {Journal of Healthcare Engineering},
  year = {2021},
  volume = {2021},
  number = {1},
  pages = {10},
}